
@book{NationalEnergyBoardCanada2011,
	title = {Canada's Energy Future: Energy Supply and Demand Projections to 2035},
	isbn = {978-1-100-19464-6},
	url = {http://cnsopb.ns.ca/pdfs/NEB\_DM\_PROD\_500568\_Safety\_Plan\_Guidelines\_Drilling\_Production\_Regulation.pdf},
	urldate = {2013-01-06},
	author = {National Energy Board Canada},
	year = {2011},
	keywords = {art\ensuremath{\_}hehl\ensuremath{\_}2013, art\ensuremath{\_}hehl\ensuremath{\_}2014},
	file = {National Energy Board Canada_2011.pdf:C\:\\Users\\Friedrich.Hehl\\Dropbox\\zotero\\storage\\AM3KDJHF\\National Energy Board Canada_2011.pdf:application/pdf;National Energy Board Canada_2011.pdf:C\:\\Users\\Friedrich.Hehl\\Dropbox\\zotero\\storage\\JWR73CBD\\National Energy Board Canada_2011.pdf:application/pdf}
},

@article{Fertel2013,
	title = {Canadian energy and climate policies: A SWOT analysis in search of federal/provincial coherence},
	volume = {63},
	url = {http://linkinghub.elsevier.com/retrieve/pii/S0301421513009816},
	doi = {10.1016/j.enpol.2013.09.057},
	journal = {{Energy Policy}},
	author = {Fertel, Camille and Bahn, Olivier and Vaillancourt, Kathleen and Waaub, Jean-Philippe},
	month = dec,
	year = {2013},
	keywords = {art\ensuremath{\_}hehl\ensuremath{\_}2014},
	pages = {1139-1150},
	file = {Fertel et al._2013:C\:\\Users\\Friedrich.Hehl\\Dropbox\\zotero\\storage\\XXTMC8U5\\Fertel et al._2013.pdf:application/pdf}
},

@article{Hehl2013,
	title = {Learning from the Past - Evaluating Forecasts for Canadian Oil Sands Production with Data},
	url = {http://www.diva-portal.org/smash/record.jsf?searchId=1\&pid=diva2:612464},
	author = {Hehl, Friedrich},
	year = {2013},
	keywords = {art\ensuremath{\_}hehl\ensuremath{\_}2014},
	file = {Hehl_2013:C\:\\Users\\Friedrich.Hehl\\Dropbox\\zotero\\storage\\84X4CNID\\Hehl_2013.pdf:application/pdf}
},

@article{Kurek2013,
	title = {Legacy of a half century of Athabasca oil sands development recorded by lake ecosystems},
	volume = {110},
	url = {http://www.pnas.org/content/110/5/1761.short},
	number = {5},
	urldate = {2014-02-05},
	journal = {{Proceedings of the National Academy of Sciences}},
	author = {Kurek, Joshua and Kirk, Jane L. and Muir, Derek CG and Wang, Xiaowa and Evans, Marlene S. and Smol, John P.},
	year = {2013},
	keywords = {art\ensuremath{\_}hehl\ensuremath{\_}2014, oil\ensuremath{\_}sands},
	pages = {1761\textendash{}1766},
	file = {Kurek et al_2013.pdf:C\:\\Users\\Friedrich.Hehl\\Dropbox\\zotero\\storage\\UGMIT8Z3\\Kurek et al_2013.pdf:application/pdf}
},

@article{TransCanada2013,
	title = {Keystone Connection Canada},
	volume = {III},
	journal = {{Spring}},
	author = {TransCanada},
	year = {2013},
	keywords = {art\ensuremath{\_}hehl\ensuremath{\_}2014},
	pages = {1-4},
	file = {TransCanada_2013:C\:\\Users\\Friedrich.Hehl\\Dropbox\\zotero\\storage\\B296QCZS\\TransCanada_2013.pdf:application/pdf}
},

@misc{Hehl2014,
	title = {OilSandsDatabase},
	url = {http://www.hehl.se/oilsandsdatabase},
	author = {Hehl, Friedrich},
	year = {2014},
	keywords = {art\ensuremath{\_}hehl\ensuremath{\_}2014}
},

@article{Parajulee2014,
	title = {Evaluating officially reported polycyclic aromatic hydrocarbon emissions in the Athabasca oil sands region with a multimedia fate model},
	issn = {0027-8424, 1091-6490},
	url = {http://www.pnas.org/cgi/doi/10.1073/pnas.1319780111},
	doi = {10.1073/pnas.1319780111},
	urldate = {2014-02-05},
	journal = {{Proceedings of the National Academy of Sciences}},
	author = {Parajulee, A. and Wania, F.},
	month = feb,
	year = {2014},
	keywords = {art\ensuremath{\_}hehl\ensuremath{\_}2014, oil\ensuremath{\_}sands},
	file = {Parajulee_Wania_2014.pdf:C\:\\Users\\Friedrich.Hehl\\Dropbox\\zotero\\storage\\8HT4T9H6\\Parajulee_Wania_2014.pdf:application/pdf}
}